@article{newman2004,
  title={Detecting community structure in networks},
  author={Newman, M.E.J.},
  journal={The European Physical Journal B-Condensed Matter and Complex Systems},
  volume={38},
  number={2},
  pages={321--330},
  year={2004},
  publisher={Springer}
}

@article{schaeffer2007,
  title={Graph clustering},
  author={Schaeffer, S.E.},
  journal={Computer Science Review},
  volume={1},
  number={1},
  pages={27--64},
  year={2007},
  publisher={Elsevier}
}

@article{girvan2002,
  title={Community structure in social and biological networks},
  author={Girvan, M. and Newman, M.E.J.},
  journal={Proceedings of the National Academy of Sciences},
  volume={99},
  number={12},
  pages={7821--7826},
  year={2002},
  publisher={National Acad Sciences}
}

@article{von2007,
  title={A tutorial on spectral clustering},
  author={Von Luxburg, U.},
  journal={Statistics and computing},
  volume={17},
  number={4},
  pages={395--416},
  year={2007},
  publisher={Springer}
}

@article{ng2002,
  title={On spectral clustering: Analysis and an algorithm},
  author={Ng, A.Y. and Jordan, M.I. and Weiss, Y. and others},
  journal={Advances in neural information processing systems},
  volume={2},
  pages={849--856},
  year={2002},
  publisher={MIT; 1998}
}

@article{rosvall2008,
  title={Maps of random walks on complex networks reveal community structure},
  author={Rosvall, M. and Bergstrom, C.T.},
  journal={Proceedings of the National Academy of Sciences},
  volume={105},
  number={4},
  pages={1118--1123},
  year={2008},
  publisher={National Acad Sciences}
}

@article{fortunato2010,
  title={Community detection in graphs},
  author={Fortunato, S.},
  journal={Physics Reports},
  volume={486},
  number={3},
  pages={75--174},
  year={2010},
  publisher={Elsevier}
}

@article{lancichinetti2008,
  title={Benchmark graphs for testing community detection algorithms},
  author={Lancichinetti, A. and Fortunato, S. and Radicchi, F.},
  journal={Physical Review E},
  volume={78},
  number={4},
  pages={046110},
  year={2008},
  publisher={APS}
}

@article{lancichinetti2009,
  title={Community detection algorithms: a comparative analysis},
  author={Lancichinetti, A. and Fortunato, S.},
  journal={Physical Review E},
  volume={80},
  number={5},
  pages={056117},
  year={2009},
  publisher={APS}
}

@article{blondel2008,
  title={Fast unfolding of communities in large networks},
  author={Blondel, V.D. and Guillaume, J.L. and Lambiotte, R. and Lefebvre, E.},
  journal={Journal of Statistical Mechanics: Theory and Experiment},
  volume={2008},
  number={10},
  pages={P10008},
  year={2008},
  publisher={IOP Publishing}
}

@article{leicht2008,
  title={Community structure in directed networks},
  author={Leicht, E.A. and Newman, M.E.J.},
  journal={Physical Review Letters},
  volume={100},
  number={11},
  pages={118703},
  year={2008},
  publisher={APS}
}

@article{aldecoa2011,
  title={Deciphering network community structure by surprise},
  author={Aldecoa, R. and Mar{\'\i}n, I.},
  journal={PloS one},
  volume={6},
  number={9},
  pages={e24195},
  year={2011},
  publisher={Public Library of Science}
}

@article{ronhovde2009,
  title={Multiresolution community detection for megascale networks by information-based replica correlations},
  author={Ronhovde, P. and Nussinov, Z.},
  journal={Physical Review E},
  volume={80},
  number={1},
  pages={016109},
  year={2009},
  publisher={APS}
}

@book{golub1996,
  title={Matrix computations},
  author={Golub, G.H. and Van Loan, C.F.},
  volume={3},
  year={1996},
  publisher={Johns Hopkins University Press}
}
